@incollection {Bouc,
    AUTHOR = {Bouc, Serge},
     TITLE = {Burnside rings},
 BOOKTITLE = {Handbook of algebra, {V}ol. 2},
    SERIES = {Handb. Algebr.},
    VOLUME = {2},
     PAGES = {739--804},
 PUBLISHER = {Elsevier/North-Holland, Amsterdam},
      YEAR = {2000},
      ISBN = {0-444-50396-X},
   MRCLASS = {19A22 (20C15 20G20)},
  MRNUMBER = {1759611},
MRREVIEWER = {Robert\ Boltje},
       DOI = {10.1016/S1570-7954(00)80043-1}, }
      % URL = {https://doi.org/10.1016/S1570-7954(00)80043-1},
}

@article {BjornerWachs,
    AUTHOR = {Bj\"orner, Anders and Wachs, Michelle L.},
     TITLE = {{$q$}-hook length formulas for forests},
   JOURNAL = {J. Combin. Theory Ser. A},
  FJOURNAL = {Journal of Combinatorial Theory. Series A},
    VOLUME = {52},
      YEAR = {1989},
    NUMBER = {2},
     PAGES = {165--187},
      ISSN = {0097-3165,1096-0899},
   MRCLASS = {05A30 (05A15 05E25)},
  MRNUMBER = {1022316},
       DOI = {10.1016/0097-3165(89)90028-9},}
      % URL = {https://doi.org/10.1016/0097-3165(89)90028-9},
}

@misc{liao-q-uniform,
      title={Chow rings and augmented Chow rings of uniform matroids and their $q$-analogs}, 
      author={Liao, Hsin-Chieh},
      year={2024},
      eprint={2406.19660},
      archivePrefix={arXiv},
      primaryClass={math.CO},}
    url={https://arxiv.org/abs/2406.19660}, 
}


@article {FeichtnerSturmfels,
    AUTHOR = {Feichtner, Eva Maria and Sturmfels, Bernd},
     TITLE = {Matroid polytopes, nested sets and {B}ergman fans},
  JOURNAL = {Portugaliae Mathematica. Nova S\'{e}rie},
    VOLUME = {62},
      YEAR = {2005},
    NUMBER = {4},
     PAGES = {437--468},
      ISSN = {0032-5155,1662-2758},
   MRCLASS = {05B35 (52B20 52B40 52C35)},
  MRNUMBER = {2191630},
MRREVIEWER = {Neil\ L.\ White},
}

@article {MaestroniMcCullough,
    AUTHOR = {Mastroeni, Matthew and McCullough, Jason},
     TITLE = {Chow rings of matroids are {K}oszul},
    JOURNAL = {Mathematische Annalen},
    VOLUME = {387},
      YEAR = {2023},
    NUMBER = {3-4},
     PAGES = {1819--1851},
      ISSN = {0025-5831,1432-1807},
   MRCLASS = {16S37 (05B35 05E40 13E10 13H10)},
  MRNUMBER = {4657438},
       DOI = {10.1007/s00208-022-02506-5},}
       URL = {https://doi.org/10.1007/s00208-022-02506-5} },


@article {DCP,
    AUTHOR = {De Concini, Corrado and Procesi, Claudio},
     TITLE = {Wonderful models of subspace arrangements},
    JOURNAL = {Selecta Mathematica. New Series},
    VOLUME = {1},
      YEAR = {1995},
    NUMBER = {3},
     PAGES = {459--494},
      ISSN = {1022-1824,1420-9020},
   MRCLASS = {14D99 (32G13 52B30)},
  MRNUMBER = {1366622},
MRREVIEWER = {V.\ Leksin},
       DOI = {10.1007/BF01589496}, }
       URL = {https://doi.org/10.1007/BF01589496}, }


@article {ArdilaKlivans,
    AUTHOR = {Ardila, Federico and Klivans, Caroline J.},
     TITLE = {The {B}ergman complex of a matroid and phylogenetic trees},
    JOURNAL = {Journal of Combinatorial Theory. Series B},
    VOLUME = {96},
      YEAR = {2006},
    NUMBER = {1},
     PAGES = {38--49},
      ISSN = {0095-8956,1096-0902},
   MRCLASS = {05B35},
  MRNUMBER = {2185977},
MRREVIEWER = {Neil\ L.\ White},
       DOI = {10.1016/j.jctb.2005.06.004},}
URL = {https://doi.org/10.1016/j.jctb.2005.06.004},
}



@article{PagariaPezzoli,
    AUTHOR = {Pagaria, Roberto and Pezzoli, Gian Marco},
     TITLE = {Hodge theory for polymatroids},
   JOURNAL = {Int. Math. Res. Not. IMRN},
  FJOURNAL = {International Mathematics Research Notices. IMRN},
      YEAR = {2023},
    NUMBER = {23},
     PAGES = {20118--20168},
      ISSN = {1073-7928,1687-0247},
   MRCLASS = {05B35 (14C25)},
  MRNUMBER = {4675068},
       DOI = {10.1093/imrn/rnad001},}
     URL = {https://doi.org/10.1093/imrn/rnad001},}

@book {Sagan,
    AUTHOR = {Sagan, Bruce E.},
     TITLE = {The symmetric group},
    SERIES = {Graduate Texts in Mathematics},
    VOLUME = {203},
   EDITION = {Second},
      NOTE = {Representations, combinatorial algorithms, and symmetric
              functions},
 PUBLISHER = {Springer-Verlag, New York},
      YEAR = {2001},
     PAGES = {xvi+238},
      ISBN = {0-387-95067-2},
   MRCLASS = {05E10 (05E05 20C30)},
  MRNUMBER = {1824028},
       DOI = {10.1007/978-1-4757-6804-6},}

URL = {https://doi.org/10.1007/978-1-4757-6804-6},
}

@book {Stanley-EC1,
    AUTHOR = {Stanley, Richard P.},
     TITLE = {Enumerative combinatorics. {V}olume 1},
    SERIES = {Cambridge Studies in Advanced Mathematics},
    VOLUME = {49},
   EDITION = {Second},
 PUBLISHER = {Cambridge University Press, Cambridge},
      YEAR = {2012},
     PAGES = {xiv+626},
      ISBN = {978-1-107-60262-5},
   MRCLASS = {05-02 (05A15 06-02)},
  MRNUMBER = {2868112},
}

@book {Stanley-EC2,
    AUTHOR = {Stanley, Richard P.},
     TITLE = {Enumerative combinatorics. {V}ol. 2},
    SERIES = {Cambridge Studies in Advanced Mathematics},
    VOLUME = {208},
   EDITION = {Second},
      NOTE = {With an appendix by Sergey Fomin},
 PUBLISHER = {Cambridge University Press, Cambridge},
      YEAR = {[2024] \copyright 2024},
     PAGES = {xvi+783},
      ISBN = {978-1-009-26249-1; 978-1-009-26248-4},
   MRCLASS = {05-02 (05A15 05E05 05E10)},
  MRNUMBER = {4621625},
    ANNOTE = {For {V}olume {I} see [2868112\endremfr]},
}


@article {FY,
   AUTHOR = {Feichtner, Eva Maria and Yuzvinsky, Sergey},
     TITLE = {Chow rings of toric varieties defined by atomic lattices},
    JOURNAL = {Inventiones Mathematicae},
    VOLUME = {155},
      YEAR = {2004},
    NUMBER = {3},
     PAGES = {515--536},
      ISSN = {0020-9910,1432-1297},
   MRCLASS = {14C15 (14M25)},
  MRNUMBER = {2038195},
MRREVIEWER = {G.\ K.\ Sankaran},
       DOI = {10.1007/s00222-003-0327-2}, }
      URL = {https://doi.org/10.1007/s00222-003-0327-2},}

@article {AHK,
    AUTHOR = {Adiprasito, Karim and Huh, June and Katz, Eric},
     TITLE = {Hodge theory for combinatorial geometries},
    JOURNAL = {Annals of Mathematics. Second Series},
    VOLUME = {188},
      YEAR = {2018},
    NUMBER = {2},
     PAGES = {381--452},
      ISSN = {0003-486X,1939-8980},
   MRCLASS = {05B35 (05E99 14C25 14T05)},
  MRNUMBER = {3862944},
MRREVIEWER = {Zvi\ Rosen},
       DOI = {10.4007/annals.2018.188.2.1}, }
       URL = {https://doi.org/10.4007/annals.2018.188.2.1},
}

@article{GK,
    AUTHOR = {Greene, Curtis and Kleitman, Daniel J.},
     TITLE = {Strong versions of {S}perner's theorem},
    JOURNAL = {Journal of Combinatorial Theory. Series A},
    VOLUME = {20},
      YEAR = {1976},
    NUMBER = {1},
     PAGES = {80--88},
      ISSN = {0097-3165},
   MRCLASS = {05A05},
  MRNUMBER = {389608},
MRREVIEWER = {H.\ L.\ Abbott},
       DOI = {10.1016/0097-3165(76)90079-0},}
       URL = {https://doi.org/10.1016/0097-3165(76)90079-0},
}


@book {oxley,
    AUTHOR = {Oxley, James G.},
     TITLE = {Matroid theory},
    SERIES = {Oxford Science Publications},
 PUBLISHER = {The Clarendon Press, Oxford University Press, New York},
      YEAR = {1992},
     PAGES = {xii+532},
      ISBN = {0-19-853563-5},
   MRCLASS = {05B35 (90C27)},
  MRNUMBER = {1207587},
MRREVIEWER = {Talmage\ J.\ Reid},
}

@incollection {icm_matroids,
    AUTHOR = {Ardila-Mantilla, Federico},
     TITLE = {The geometry of geometries: matroid theory, old and new},
 BOOKTITLE = {I{CM}---{I}nternational {C}ongress of {M}athematicians. {V}ol.
              {VI}. {S}ections 12--14},
     PAGES = {4510--4541},
 PUBLISHER = {EMS Press, Berlin},
      YEAR = {[2023] \copyright 2023},
      ISBN = {978-3-98547-064-8; 978-3-98547-564-3; 978-3-98547-058-7},
   MRCLASS = {52B40 (05B35 14C17 14T15 16T30 52B45)},
  MRNUMBER = {4680412},
}





@book {CLO,
    AUTHOR = {Cox, David and Little, John and O'Shea, Donal},
     TITLE = {Ideals, varieties, and algorithms},
    SERIES = {Undergraduate Texts in Mathematics},
   EDITION = {Third},
 PUBLISHER = {Springer, New York},
      YEAR = {2007},
     PAGES = {xvi+551},
      ISBN = {978-0-387-35650-1; 0-387-35650-9},
   MRCLASS = {13P10 (13-01 14-01 14Qxx 68W30)},
  MRNUMBER = {2290010},
       DOI = {10.1007/978-0-387-35651-8}, }
       URL = {https://doi.org/10.1007/978-0-387-35651-8},
}



@book {Sturmfels,
    AUTHOR = {Sturmfels, Bernd},
     TITLE = {Algorithms in invariant theory},
    SERIES = {Texts and Monographs in Symbolic Computation},
   EDITION = {Second},
 PUBLISHER = {SpringerWienNewYork, Vienna},
      YEAR = {2008},
     PAGES = {vi+197},
      ISBN = {978-3-211-77416-8},
   MRCLASS = {13A50 (13P10 20G05)},
  MRNUMBER = {2667486},
}


@incollection {Hibi,
    AUTHOR = {Hibi, Takayuki},
     TITLE = {Distributive lattices, affine semigroup rings and algebras
              with straightening laws},
 BOOKTITLE = {Commutative algebra and combinatorics ({K}yoto, 1985)},
    SERIES = {Adv. Stud. Pure Math.},
    VOLUME = {11},
     PAGES = {93--109},
 PUBLISHER = {North-Holland, Amsterdam},
      YEAR = {1987},
      ISBN = {0-444-70314-4},
   MRCLASS = {13H10 (06D99)},
  MRNUMBER = {951198},
MRREVIEWER = {Keiichi\ Watanabe},
       DOI = {10.2969/aspm/01110093},}
       URL = {https://doi.org/10.2969/aspm/01110093},
}

@article {FerayR,
    AUTHOR = {F\'{e}ray, Valentin and Reiner, Victor},
     TITLE = {{$P$}-partitions revisited},
    JOURNAL = {Journal of Commutative Algebra},
    VOLUME = {4},
      YEAR = {2012},
    NUMBER = {1},
     PAGES = {101--152},
      ISSN = {1939-0807,1939-2346},
   MRCLASS = {06A07 (06A11 52B20)},
  MRNUMBER = {2913529},
MRREVIEWER = {Ira\ Gessel},
       DOI = {10.1216/JCA-2012-4-1-101},}
       URL = {https://doi.org/10.1216/JCA-2012-4-1-101},
}


@article {dotsenko,
    AUTHOR = {Dotsenko, Vladimir},
     TITLE = {Homotopy invariants for {$\overline{M_{0,n}}$} via
              {K}oszul duality},
    JOURNAL = {Inventiones Mathematicae},
    VOLUME = {228},
      YEAR = {2022},
    NUMBER = {1},
     PAGES = {77--106},
      ISSN = {0020-9910,1432-1297},
   MRCLASS = {16S37 (14M25 17B35 55P62 55Q52)},
  MRNUMBER = {4392457},
MRREVIEWER = {Tom\ C.\ Braden},
       DOI = {10.1007/s00222-021-01081-x},}
       URL = {https://doi.org/10.1007/s00222-021-01081-x},
}



@inproceedings {Faugere,
    AUTHOR = {Faug\`ere, Jean-Charles and Svartz, Jules},
     TITLE = {Gr\"{o}bner bases of ideals invariant under a commutative group: the non-modular case},
 BOOKTITLE = {I{SSAC} 2013---{P}roceedings of the 38th {I}nternational
              {S}ymposium on {S}ymbolic and {A}lgebraic {C}omputation},
     PAGES = {347--354},
 PUBLISHER = {ACM, New York},
      YEAR = {2013},
      ISBN = {978-1-4503-2059-7},
   MRCLASS = {13A50 (68W30)},
  MRNUMBER = {3206377},
       DOI = {10.1145/2465506.2465944}, }
       URL = {https://doi.org/10.1145/2465506.2465944},
}


@incollection {Scott,
    AUTHOR = {Scott, Leonard L.},
     TITLE = {Integral equivalence of permutation representations},
 BOOKTITLE = {Group theory ({G}ranville, {OH}, 1992)},
     PAGES = {262--274},
 PUBLISHER = {World Sci. Publ., River Edge, NJ},
      YEAR = {1993},
   MRCLASS = {20C10 (20C11 20C30)},
  MRNUMBER = {1348907},
MRREVIEWER = {Richard Lyons},
}

@article {Conlon,
    AUTHOR = {Conlon, Samuel B.},
     TITLE = {Monomial representations under integral similarity},
    JOURNAL = {Journal of Algebra},
    VOLUME = {13},
      YEAR = {1969},
     PAGES = {496--508},
      ISSN = {0021-8693},
   MRCLASS = {20.80},
  MRNUMBER = {252527},
MRREVIEWER = {H. K. Farahat},
       DOI = {10.1016/0021-8693(69)90111-2},}
       URL = {https://doi.org/10.1016/0021-8693(69)90111-2},
}

@article {MMPR,
    AUTHOR = {Matherne, Jacob P. and Miyata, Dane and Proudfoot, Nicholas and Ramos, Eric},
     TITLE = {Equivariant log concavity and representation stability},
    JOURNAL = {International Mathematics Research Notices. IMRN},
      YEAR = {2023},
    NUMBER = {5},
     PAGES = {3885--3906},
      ISSN = {1073-7928,1687-0247},
   MRCLASS = {20F55 (05B35 20C30 52C35 55R80)},
  MRNUMBER = {4565658},
       DOI = {10.1093/imrn/rnab352},}
       URL = {https://doi.org/10.1093/imrn/rnab352},
}

@article {Li2022,
    AUTHOR = {Li, Shiyue},
     TITLE = {Equivariant log-concavity of graph matchings},
   JOURNAL = {Algebr. Comb.},
  FJOURNAL = {Algebraic Combinatorics},
    VOLUME = {6},
      YEAR = {2023},
    NUMBER = {3},
     PAGES = {615--622},
      ISSN = {2589-5486},
   MRCLASS = {05E18 (05C70)},
  MRNUMBER = {4614154},
MRREVIEWER = {Farideh\ Heydari},
}


@article {GPY,
    AUTHOR = {Gedeon, Katie and Proudfoot, Nicholas and Young, Benjamin},
     TITLE = {Kazhdan-{L}usztig polynomials of matroids: a survey of results
              and conjectures},
    JOURNAL = {S\'{e}minaire Lotharingien de Combinatoire},
    VOLUME = {78B},
      YEAR = {2017},
     PAGES = {Art. 80, 12},
      ISSN = {1286-4889},
   MRCLASS = {05B35},
  MRNUMBER = {3678662},
}

@misc{Gui2022,
      title={On the equivariant log-concavity for the cohomology of the flag varieties}, 
      author={Gui, Tao},
      year={2022},
      eprint={2205.05408},
      archivePrefix={arXiv},
      primaryClass={math.RT}
}


@article {GuiXiong,
    AUTHOR = {Gui, Tao and Xiong, Rui},
     TITLE = {Equivariant log-concavity and equivariant {K}\"ahler packages},
    JOURNAL = {Journal of Algebra},
    VOLUME = {657},
      YEAR = {2024},
     PAGES = {379--401},
      ISSN = {0021-8693,1090-266X},
   MRCLASS = {20C30 (05E16 20C15 20G05)},
  MRNUMBER = {4755476},
       DOI = {10.1016/j.jalgebra.2024.05.018},}
       URL = {https://doi.org/10.1016/j.jalgebra.2024.05.018},
}


@article {FMSV,
    AUTHOR = {Ferroni, Luis and Matherne, Jacob P. and Stevens, Matthew and
              Vecchi, Lorenzo},
     TITLE = {Hilbert-{P}oincar\'e{} series of matroid {C}how rings and
              intersection cohomology},
    JOURNAL = {Advances in Mathematics},
    VOLUME = {449},
      YEAR = {2024},
     PAGES = {Paper No. 109733, 55},
      ISSN = {0001-8708,1090-2082},
   MRCLASS = {05B35 (05A15 05E18 13D40 14C15 30C15 52B40 52B45)},
  MRNUMBER = {4749982},
       DOI = {10.1016/j.aim.2024.109733},}
       URL = {https://doi.org/10.1016/j.aim.2024.109733},
}


@article {FerroniSchroter,
    AUTHOR = {Ferroni, Luis and Schr\"oter, Benjamin},
     TITLE = {Valuative invariants for large classes of matroids},
    JOURNAL = {Journal of the London Mathematical Society. Second Series},
    VOLUME = {110},
      YEAR = {2024},
    NUMBER = {3},
     PAGES = {Paper No. e12984},
      ISSN = {0024-6107,1469-7750},
   MRCLASS = {99-06},
  MRNUMBER = {4795885},
       DOI = {10.1112/jlms.12984},}
       URL = {https://doi.org/10.1112/jlms.12984},
}

@incollection {Stanley-log-concavity,
    AUTHOR = {Stanley, Richard P.},
     TITLE = {Log-concave and unimodal sequences in algebra, combinatorics,
              and geometry},
 BOOKTITLE = {Graph theory and its applications: {E}ast and {W}est ({J}inan, 1986)},
    SERIES = {Ann. New York Acad. Sci.},
    VOLUME = {576},
     PAGES = {500--535},
 PUBLISHER = {New York Acad. Sci., New York},
      YEAR = {1989},
      ISBN = {0-89766-579-1},
   MRCLASS = {05E15 (05E10 20C15 52B20)},
  MRNUMBER = {1110850},
MRREVIEWER = {L.\ Bruce\ Richmond},
       DOI = {10.1111/j.1749-6632.1989.tb16434.x}, }
       URL = {https://doi.org/10.1111/j.1749-6632.1989.tb16434.x},
}

@article {Brenti,
    AUTHOR = {Brenti, Francesco},
     TITLE = {Unimodal, log-concave and {P}\'{o}lya frequency sequences in combinatorics},
    JOURNAL = {Memoirs of the American Mathematical Society},
    VOLUME = {81},
      YEAR = {1989},
    NUMBER = {413},
     PAGES = {viii+106},
      ISSN = {0065-9266,1947-6221},
   MRCLASS = {05A15 (05A10 05A20)},
  MRNUMBER = {963833},
MRREVIEWER = {Ira\ Gessel},
       DOI = {10.1090/memo/0413}, }
       URL = {https://doi.org/10.1090/memo/0413},
}

@book {PP,
    AUTHOR = {Polishchuk, Alexander and Positselski, Leonid},
     TITLE = {Quadratic algebras},
    SERIES = {University Lecture Series},
    VOLUME = {37},
 PUBLISHER = {American Mathematical Society, Providence, RI},
      YEAR = {2005},
     PAGES = {xii+159},
      ISBN = {0-8218-3834-2},
   MRCLASS = {16S37 (16E30)},
  MRNUMBER = {2177131},
MRREVIEWER = {Ralf\ Fr\"{o}berg},
       DOI = {10.1090/ulect/037},}
       URL = {https://doi.org/10.1090/ulect/037},
}


@book {Anderson,
    AUTHOR = {Anderson, Ian},
     TITLE = {Combinatorics of finite sets},
      NOTE = {Corrected reprint of the 1989 edition},
 PUBLISHER = {Dover Publications Inc. Mineola, NY},
      YEAR = {2002},
     PAGES = {xvi+250},
      ISBN = {0-486-42257-7},
   MRCLASS = {05-01},
  MRNUMBER = {1902962},
}


@article {ADH,
    AUTHOR = {Ardila, Federico and Denham, Graham and Huh, June},
     TITLE = {Lagrangian geometry of matroids},
    JOURNAL = {Journal of the American Mathematical Society},
    VOLUME = {36},
      YEAR = {2023},
    NUMBER = {3},
     PAGES = {727--794},
      ISSN = {0894-0347,1088-6834},
   MRCLASS = {05B35 (14T15 14T20)},
  MRNUMBER = {4583774},
       DOI = {10.1090/jams/1009}, }
       URL = {https://doi.org/10.1090/jams/1009},
}

@article {GibneyMaclagan,
    AUTHOR = {Gibney, Angela and Maclagan, Diane},
     TITLE = {Equations for {C}how and {H}ilbert quotients},
    JOURNAL = {Algebra \& Number Theory},
    VOLUME = {4},
      YEAR = {2010},
    NUMBER = {7},
     PAGES = {855--885},
      ISSN = {1937-0652,1944-7833},
   MRCLASS = {14L24 (14H10 14L30 14M25)},
  MRNUMBER = {2776876},
MRREVIEWER = {Scott\ R.\ Nollet},
       DOI = {10.2140/ant.2010.4.855},}
       URL = {https://doi.org/10.2140/ant.2010.4.855},
}


@article {Keel,
    AUTHOR = {Keel, Sean},
     TITLE = {Intersection theory of moduli space of stable {$n$}-pointed curves of genus zero},
    JOURNAL = {Transactions of the American Mathematical Society},
    VOLUME = {330},
      YEAR = {1992},
    NUMBER = {2},
     PAGES = {545--574},
      ISSN = {0002-9947,1088-6850},
   MRCLASS = {14C15 (14C17 14H10)},
  MRNUMBER = {1034665},
MRREVIEWER = {Steven\ E.\ Landsburg},
       DOI = {10.2307/2153922},}
       URL = {https://doi.org/10.2307/2153922},
}	


@article {Stembridge,
    AUTHOR = {Stembridge, John R.},
     TITLE = {Eulerian numbers, tableaux, and the {B}etti numbers of a toric  variety},
    JOURNAL = {Discrete Mathematics},
    VOLUME = {99},
      YEAR = {1992},
    NUMBER = {1-3},
     PAGES = {307--320},
      ISSN = {0012-365X,1872-681X},
   MRCLASS = {05E10 (05A15 05E05 14M25 20C30)},
  MRNUMBER = {1158793},
MRREVIEWER = {A.\ Kerber},
       DOI = {10.1016/0012-365X(92)90378-S},}
       URL = {https://doi.org/10.1016/0012-365X(92)90378-S},
}

@article {Athanasiadis,
    AUTHOR = {Athanasiadis, Christos A.},
     TITLE = {Gamma-positivity in combinatorics and geometry},
    JOURNAL = {S\'{e}minaire Lotharingien de Combinatoire},
    VOLUME = {77},
      YEAR = {[2016-2018]},
     PAGES = {Art. B77i, 64},
      ISSN = {1286-4889},
   MRCLASS = {05E05 (05A05 05A15 05E45 06A11 20B30 20F55)},
  MRNUMBER = {3878174},
MRREVIEWER = {Christian\ Stump},
}

@article {BHMPW,
    AUTHOR = {Braden, Tom and Huh, June and Matherne, Jacob P. and
              Proudfoot, Nicholas and Wang, Botong},
     TITLE = {A semi-small decomposition of the {C}how ring of a matroid},
    JOURNAL = {Advances in Mathematics},
    VOLUME = {409},
      YEAR = {2022},
     PAGES = {Paper No. 108646, 49},
      ISSN = {0001-8708,1090-2082},
   MRCLASS = {05B35 (14C25)},
  MRNUMBER = {4477425},
MRREVIEWER = {Joseph\ Kung},
       DOI = {10.1016/j.aim.2022.108646},}
       URL = {https://doi.org/10.1016/j.aim.2022.108646},
}

@article {ShareshianWachs,
    AUTHOR = {Shareshian, John and Wachs, Michelle L.},
     TITLE = {Gamma-positivity of variations of {E}ulerian polynomials},
    JOURNAL = {Journal of Combinatorics},
    VOLUME = {11},
      YEAR = {2020},
    NUMBER = {1},
     PAGES = {1--33},
      ISSN = {2156-3527,2150-959X},
   MRCLASS = {05E05 (11B65 11B68 52B20)},
  MRNUMBER = {4015851},
MRREVIEWER = {Ivica\ Martinjak},
       DOI = {10.4310/JOC.2020.v11.n1.a1}, }
      % URL = {https://doi.org/10.4310/JOC.2020.v11.n1.a1},
}




@article {FK,
    AUTHOR = {Feichtner, Eva-Maria and Kozlov, Dmitry N.},
     TITLE = {Incidence combinatorics of resolutions},
    JOURNAL = {Selecta Mathematica. New Series},
    VOLUME = {10},
      YEAR = {2004},
    NUMBER = {1},
     PAGES = {37--60},
      ISSN = {1022-1824,1420-9020},
   MRCLASS = {06A07 (05E99 14E15 14M25 52C35)},
  MRNUMBER = {2061222},
MRREVIEWER = {Henry\ K.\ Schenck},
       DOI = {10.1007/s00029-004-0298-1},}
       URL = {https://doi.org/10.1007/s00029-004-0298-1},
}


@article {EHL,
    AUTHOR = {Eur, Christopher and Huh, June and Larson, Matt},
     TITLE = {Stellahedral geometry of matroids},
    JOURNAL = {Forum of Mathematics. Pi},
    VOLUME = {11},
      YEAR = {2023},
     PAGES = {Paper No. e24, 48},
      ISSN = {2050-5086},
   MRCLASS = {14M25 (05B35 14N20 52B40 52C35)},
  MRNUMBER = {4653766},
       DOI = {10.1017/fmp.2023.24},}
       URL = {https://doi.org/10.1017/fmp.2023.24},
}



@misc{Liao_new,
      title={Stembridge codes, permutahedral varieties, and their extensions}, 
      author={Liao, Hsin-Chieh},
      year={2024},
      eprint={2403.10577},
      archivePrefix={arXiv},
      primaryClass={math.CO}
}


@article {Liao,
    AUTHOR = {Liao, Hsin-Chieh},
     TITLE = {Stembridge codes and {C}how rings},
    JOURNAL = {S\'{e}minaire Lotharingien de Combinatoire},
    VOLUME = {89B},
      YEAR = {2023},
     PAGES = {Art. 88, 12},
      ISSN = {1286-4889},
   MRCLASS = {05E10 (05E14)},
  MRNUMBER = {4659596},
}